%! Author = jay
%! Date = 5/17/24

@misc{aiindex,
    doi = {10.48550/ARXIV.2103.06312},
    url = {https://arxiv.org/abs/2103.06312},
    author = {Zhang,  Daniel and Mishra,  Saurabh and Brynjolfsson,  Erik and Etchemendy,  John and Ganguli,  Deep and Grosz,  Barbara and Lyons,  Terah and Manyika,  James and Niebles,  Juan Carlos and Sellitto,  Michael and Shoham,  Yoav and Clark,  Jack and Perrault,  Raymond},
    keywords = {Artificial Intelligence (cs.AI),  General Literature (cs.GL),  FOS: Computer and information sciences,  FOS: Computer and information sciences},
    title = {The AI Index 2021 Annual Report},
    publisher = {arXiv},
    year = {2021},
    copyright = {Creative Commons Attribution 4.0 International}
}

@inproceedings{sieve,
    title = {Sieve: Stratified GPU-Compute Workload Sampling},
    url = {http://dx.doi.org/10.1109/ISPASS57527.2023.00030},
    DOI = {10.1109/ispass57527.2023.00030},
    booktitle = {2023 IEEE International Symposium on Performance Analysis of Systems and Software (ISPASS)},
    publisher = {IEEE},
    author = {Naderan-Tahan,  Mahmood and SeyyedAghaei,  Hossein and Eeckhout,  Lieven},
    year = {2023},
    month = apr
}

@inproceedings{accelsim,
    title = {Accel-Sim: An Extensible Simulation Framework for Validated GPU Modeling},
    url = {http://dx.doi.org/10.1109/ISCA45697.2020.00047},
    DOI = {10.1109/isca45697.2020.00047},
    booktitle = {2020 ACM/IEEE 47th Annual International Symposium on Computer Architecture (ISCA)},
    publisher = {IEEE},
    author = {Khairy,  Mahmoud and Shen,  Zhesheng and Aamodt,  Tor M. and Rogers,  Timothy G.},
    year = {2020},
    month = may
}

@inproceedings{pks,
    series = {MICRO ’21},
    title = {Principal Kernel Analysis: A Tractable Methodology to Simulate Scaled GPU Workloads},
    url = {http://dx.doi.org/10.1145/3466752.3480100},
    DOI = {10.1145/3466752.3480100},
    booktitle = {MICRO-54: 54th Annual IEEE/ACM International Symposium on Microarchitecture},
    publisher = {ACM},
    author = {Avalos Baddouh,  Cesar and Khairy,  Mahmoud and Green,  Roland N. and Payer,  Mathias and Rogers,  Timothy G.},
    year = {2021},
    month = oct,
    collection = {MICRO ’21}
}

@article{gpu-evolution,
    title = {Evolution of the Graphics Processing Unit (GPU)},
    volume = {41},
    ISSN = {1937-4143},
    url = {http://dx.doi.org/10.1109/MM.2021.3113475},
    DOI = {10.1109/mm.2021.3113475},
    number = {6},
    journal = {IEEE Micro},
    publisher = {Institute of Electrical and Electronics Engineers (IEEE)},
    author = {Dally,  William J. and Keckler,  Stephen W. and Kirk,  David B.},
    year = {2021},
    month = nov,
    pages = {42–51}
}

@misc{cuda,
    title = {CUDA},
    url = {http://www.nvidia.com/CUDA},
    author = {{NVIDIA Corporation}},
    year = {2022}
}

@article{cuda-prog,
    title = {Scalable Parallel Programming with CUDA: Is CUDA the parallel programming model that application developers have been waiting for?},
    volume = {6},
    ISSN = {1542-7749},
    url = {http://dx.doi.org/10.1145/1365490.1365500},
    DOI = {10.1145/1365490.1365500},
    number = {2},
    journal = {Queue},
    publisher = {Association for Computing Machinery (ACM)},
    author = {Nickolls,  John and Buck,  Ian and Garland,  Michael and Skadron,  Kevin},
    year = {2008},
    month = mar,
    pages = {40–53}
}

@article{blrl,
    author={Eeckhout, Lieven and Luo, Yue and De Bosschere, Koen and John, Lizy K.},
    journal={The Computer Journal},
    title={BLRL: Accurate and Efficient Warmup for Sampled Processor Simulation},
    year={2005},
    volume={48},
    number={4},
    pages={451-459},
    keywords={},
    doi={10.1093/comjnl/bxh103}
}

@inproceedings{cpu-checkpoint,
    author={Lauterbach, G.},
    booktitle={1994 Proceedings of the Twenty-Seventh Hawaii International Conference on System Sciences},
    title={Accelerating architectural simulation by parallel execution of trace samples},
    year={1994},
    volume={1},
    number={},
    pages={205-210},
    keywords={Acceleration;Sampling methods;Runtime;Kernel;Sun;Laboratories;Parallel processing},
    doi={10.1109/HICSS.1994.323171}
}

@article{cpu-stitch-prime,
    author={Kessler, R.E. and Hill, M.D. and Wood, D.A.},
    journal={IEEE Transactions on Computers},
    title={A comparison of trace-sampling techniques for multi-megabyte caches},
    year={1994},
    volume={43},
    number={6},
    pages={664-675},
    keywords={Sampling methods;Computational modeling;Computer architecture;Computer simulation;Central Processing Unit;Steady-state;Statistics;Terminology;Operating systems},
    doi={10.1109/12.286300}
}

@inproceedings{cpu-merge-stitch-prime,
    author={Conte, T.M. and Hirsch, M.A. and Menezes, K.N.},
    booktitle={Proceedings International Conference on Computer Design. VLSI in Computers and Processors},
    title={Reducing state loss for effective trace sampling of superscalar processors},
    year={1996},
    volume={},
    number={},
    pages={468-477},
    keywords={Sampling methods;Process design;Probability;Design engineering;Analytical models;Retirement;Costs;Instruments;System testing;Benchmark testing},
    doi={10.1109/ICCD.1996.563595}
}

@inproceedings{cpu-corr-fac,
    series = {SIGMETRICS91},
    title = {A model for estimating trace-sample miss ratios},
    url = {http://dx.doi.org/10.1145/107971.107981},
    DOI = {10.1145/107971.107981},
    booktitle = {Proceedings of the 1991 ACM SIGMETRICS conference on Measurement and modeling of computer systems},
    publisher = {ACM},
    author = {Wood,  David A. and Hill,  Mark D. and Kessler,  R. E.},
    year = {1991},
    month = apr,
    collection = {SIGMETRICS91}
}

@article{cpu-nsl,
    author={Conte, T.M. and Hirsch, M.A. and Hwu, W.-M.W.},
    journal={IEEE Transactions on Computers},
    title={Combining trace sampling with single pass methods for efficient cache simulation},
    year={1998},
    volume={47},
    number={6},
    pages={714-720},
    keywords={Sampling methods;Computational modeling;Computer simulation;Prototypes;Analytical models;Stacking;Computer architecture;Investments;High performance computing;Algorithm design and analysis},
    doi={10.1109/12.689650}
}

@inproceedings{cpu-mse,
    author={Haskins, J.W. and Skadron, K.},
    booktitle={Proceedings 2001 IEEE International Conference on Computer Design: VLSI in Computers and Processors. ICCD 2001},
    title={Minimal subset evaluation: rapid warm-up for simulated hardware state},
    year={2001},
    volume={},
    number={},
    pages={32-39},
    keywords={Hardware;Predictive models;Computational modeling;Computer simulation;Pipelines;Computer science;Virtual prototyping;Checkpointing;Sampling methods},
    doi={10.1109/ICCD.2001.955000}
}

@inproceedings{cpu-mrrl,
    author={Haskins, J.W. and Skadron, K.},
    booktitle={2003 IEEE International Symposium on Performance Analysis of Systems and Software. ISPASS 2003.},
    title={Memory reference reuse latency: Accelerated warmup for sampled microarchitecture simulation},
    year={2003},
    volume={},
    number={},
    pages={195-203},
    keywords={Delay;Acceleration;Microarchitecture;Predictive models;Computational modeling;Microprocessors;Computer simulation;Throughput;Hardware;Computer architecture},
    doi={10.1109/ISPASS.2003.1190246}
}

@software{nsight,
    author = {{NVIDIA Corporation}},
    title = {{NVIDIA} Nsight Compute},
    url = {https://developer.nvidia.com/nsight-compute},
}

@techreport{nvidia-wp,
    author = {{NVIDIA Corporation}},
    title = {{NVIDIA} Ampere GA102 GPU Architecture},
    year = {2021},
    url = {https://www.nvidia.com/content/PDF/nvidia-ampere-ga-102-gpu-architecture-whitepaper-v2.pdf},
    type = {whitepaper},
    publisher = {NVIDIA Corporation},
}

@inproceedings{cactus,
    title = {Cactus: Top-Down GPU-Compute Benchmarking using Real-Life Applications},
    url = {http://dx.doi.org/10.1109/IISWC53511.2021.00026},
    DOI = {10.1109/iiswc53511.2021.00026},
    booktitle = {2021 IEEE International Symposium on Workload Characterization (IISWC)},
    publisher = {IEEE},
    author = {Naderan-Tahan,  Mahmood and Eeckhout,  Lieven},
    year = {2021},
    month = nov
}

@article{dcgan,
    title={Unsupervised Representation Learning with Deep Convolutional Generative Adversarial Networks},
    author={Alec Radford and Luke Metz and Soumith Chintala},
    journal={CoRR},
    year={2015},
    volume={abs/1511.06434}
}

@article{gru,
    author =       {Yangzihao Wang and Yuechao Pan and Andrew Davidson
                  and Yuduo Wu and Carl Yang and Leyuan Wang and
                  Muhammad Osama and Chenshan Yuan and Weitang Liu and
                  Andy T. Riffel and John D. Owens},
    title =        {{G}unrock: {GPU} Graph Analytics},
    journal =      {ACM Transactions on Parallel Computing},
    year =         2017,
    volume =       4,
    number =       1,
    month =        aug,
    pages =        {3:1--3:49},
    doi =          {10.1145/3108140},
    ee =           {http://arxiv.org/abs/1701.01170},
    acmauthorize = {http://dl.acm.org/authorize?N45082},
    url =          {http://escholarship.org/uc/item/9gj6r1dj},
    code =         {https://github.com/gunrock/gunrock},
    ucdcite =      {a115},
}

@article{gromacs,
    title = {Heterogeneous parallelization and acceleration of molecular dynamics simulations in GROMACS},
    volume = {153},
    ISSN = {1089-7690},
    url = {http://dx.doi.org/10.1063/5.0018516},
    DOI = {10.1063/5.0018516},
    number = {13},
    journal = {The Journal of Chemical Physics},
    publisher = {AIP Publishing},
    author = {Páll,  Szilárd and Zhmurov,  Artem and Bauer,  Paul and Abraham,  Mark and Lundborg,  Magnus and Gray,  Alan and Hess,  Berk and Lindahl,  Erik},
    year = {2020},
    month = oct
}

@article{LAMMPS,
    author = "A. P. Thompson and H. M. Aktulga and R. Berger and
     D. S. Bolintineanu and W. M. Brown and P. S. Crozier and
     P. J. in 't Veld and A. Kohlmeyer and S. G. Moore and T. D. Nguyen and
     R. Shan and M. J. Stevens and J. Tranchida and C. Trott and S. J. Plimpton",
    title = "{LAMMPS} - a flexible simulation tool for
     particle-based materials modeling at the
     atomic, meso, and continuum scales",
    journal = "Comp. Phys. Comm.",
    volume =  "271",
    pages =   "108171",
    year =    "2022",
    doi = "10.1016/j.cpc.2021.108171"
}

@article{nst,
    title={A Neural Algorithm of Artistic Style},
    author={Leon A. Gatys and Alexander S. Ecker and Matthias Bethge},
    journal={ArXiv},
    year={2015},
    volume={abs/1508.06576}
}

@article{spt,
    title={Spatial Transformer Networks},
    author={Max Jaderberg and Karen Simonyan and Andrew Zisserman and Koray Kavukcuoglu},
    journal={ArXiv},
    year={2015},
    volume={abs/1506.02025}
}

@article{resnet50,
    title={Deep Residual Learning for Image Recognition},
    author={Kaiming He and X. Zhang and Shaoqing Ren and Jian Sun},
    journal={2016 IEEE Conference on Computer Vision and Pattern Recognition (CVPR)},
    year={2015},
    pages={770-778}
}

@inproceedings{bert,
    title={BERT: Pre-training of Deep Bidirectional Transformers for Language Understanding},
    author={Jacob Devlin and Ming-Wei Chang and Kenton Lee and Kristina Toutanova},
    booktitle={North American Chapter of the Association for Computational Linguistics},
    year={2019}
}

@inproceedings{3d-unet,
    title={3D U-Net: Learning Dense Volumetric Segmentation from Sparse Annotation},
    author={{\"O}zg{\"u}n Çiçek and Ahmed Abdulkadir and Soeren S. Lienkamp and Thomas Brox and Olaf Ronneberger},
    booktitle={International Conference on Medical Image Computing and Computer-Assisted Intervention},
    year={2016}
}

@software{samples,
    author = {{NVIDIA Corporation}},
    title = {{CUDA} Samples},
    url = {https://github.com/NVIDIA/cuda-samples},
}

@inproceedings{gpgpu-sim,
    title = {Analyzing CUDA workloads using a detailed GPU simulator},
    url = {http://dx.doi.org/10.1109/ISPASS.2009.4919648},
    DOI = {10.1109/ispass.2009.4919648},
    booktitle = {2009 IEEE International Symposium on Performance Analysis of Systems and Software},
    publisher = {IEEE},
    author = {Bakhoda,  Ali and Yuan,  George L. and Fung,  Wilson W. L. and Wong,  Henry and Aamodt,  Tor M.},
    year = {2009},
    month = apr
}