%! Author = jay
%! Date = 3/28/24

@inproceedings{sieve,
    title = {Sieve: Stratified GPU-Compute Workload Sampling},
    url = {http://dx.doi.org/10.1109/ISPASS57527.2023.00030},
    DOI = {10.1109/ispass57527.2023.00030},
    booktitle = {2023 IEEE International Symposium on Performance Analysis of Systems and Software (ISPASS)},
    publisher = {IEEE},
    author = {Naderan-Tahan,  Mahmood and SeyyedAghaei,  Hossein and Eeckhout,  Lieven},
    year = {2023},
    month = apr
}
